<?xml version="1.0" encoding="UTF-8"?><collection xmlns="http://www.loc.gov/MARC21/slim"><record><leader>00622nam--2200181-i-4500</leader><controlfield tag="001">000036850</controlfield><controlfield tag="002">20161230</controlfield><controlfield tag="005">20161230201041</controlfield><controlfield tag="008">060222s1000------------r-----000-0-fre-d</controlfield><datafield ind1=" " ind2=" " tag="040"><subfield code="a">IFIN-HH</subfield></datafield><datafield ind1=" " ind2=" " tag="041"><subfield code="a">fre</subfield></datafield><datafield ind1=" " ind2=" " tag="080"><subfield code="a">538.975(043):535.215</subfield></datafield><datafield ind1="1" ind2=" " tag="100"><subfield code="a">Poindessault, Roland</subfield></datafield><datafield ind1="1" ind2="0" tag="245"><subfield code="a">Proprietes photoelectroniques du znse en couches minces. domaines de champ electrique eleve dans les films de znse: cu, ga prepares par croissance epitaxique</subfield><subfield code="b">These</subfield><subfield code="c">Roland poindessault</subfield></datafield><datafield ind1=" " ind2=" " tag="260"><subfield code="a">Poitiers</subfield><subfield code="b">Universite De Poitiers</subfield><subfield code="c">1975</subfield></datafield><datafield ind1=" " ind2=" " tag="300"><subfield code="a">155P. + 13 P.DIF</subfield></datafield><datafield ind1=" " ind2=" " tag="852"><subfield code="a">44799</subfield><subfield code="c">535</subfield></datafield><datafield ind1=" " ind2=" " tag="CAT"><subfield code="a">Sys</subfield><subfield code="c">20110125</subfield><subfield code="h">134248</subfield></datafield></record></collection>